<?xml version="1.0" encoding="UTF-8"?><collection xmlns="http://www.loc.gov/MARC21/slim"><record><leader>00608nam--2200193-i-4500</leader><controlfield tag="001">000009582</controlfield><controlfield tag="002">20161230</controlfield><controlfield tag="005">20161230201028</controlfield><controlfield tag="008">060222s1000------------r-----000-0-eng-d</controlfield><datafield ind1=" " ind2=" " tag="040"><subfield code="a">IFIN-HH</subfield></datafield><datafield ind1=" " ind2=" " tag="080"><subfield code="a">535</subfield></datafield><datafield ind1="1" ind2=" " tag="100"><subfield code="a">Blaker, Warren J</subfield></datafield><datafield ind1="1" ind2="0" tag="245"><subfield code="a">Focus on physics. optics</subfield><subfield code="b">The Principles of Optics as Taught in the Introductory Physics Course</subfield><subfield code="c">Warren j. blaker</subfield></datafield><datafield ind1=" " ind2=" " tag="260"><subfield code="a">New York</subfield><subfield code="b">Barnes &amp; Noble, Inc</subfield><subfield code="c">1970</subfield></datafield><datafield ind1=" " ind2=" " tag="300"><subfield code="a">2 volume</subfield></datafield><datafield ind1=" " ind2=" " tag="490"><subfield code="a">College Outline Series</subfield></datafield><datafield ind1=" " ind2=" " tag="787"><subfield code="a">Vol. II</subfield><subfield code="h">92 p</subfield><subfield code="t">Optics II - Physical and Quantum Optics</subfield></datafield><datafield ind1=" " ind2=" " tag="852"><subfield code="a">34423</subfield><subfield code="c">535</subfield></datafield><datafield ind1=" " ind2=" " tag="CAT"><subfield code="a">Sys</subfield><subfield code="c">20101028</subfield><subfield code="h">120737</subfield></datafield></record></collection>